@article{Dirac1953888,
  title   = "The {Lorentz} transformation and absolute time",
  journal = "Physica ",
  volume  = "19",
  number  = "1-–12",
  pages   = "888--896",
  year    = "1953",
  doi     = "10.1016/S0031-8914(53)80099-6",
  author  = "P. A. M. Dirac"
}

@article{Feynman1963118,
  title   = "The theory of a general quantum system interacting with a linear dissipative system",
  journal = "Annals of Physics ",
  volume  = "24",
  pages   = "118--173",
  year    = "1963",
  doi     = "10.1016/0003-4916(63)90068-X",
  author  = "R. P Feynman and F. L {Vernon Jr.}"
}


@Manual{IBM,
  title = {What is Machine Learning?},
  author = {By: IBM Cloud Education. (n.d.)},
  year = {Retrieved January 12 2021},
  note = {},
  url = {https://www.ibm.com/cloud/learn/machine-learning},
}

@Manual{CDC,
  title = {What is inflammatory bowel disease (IBD)? - Inflammatory Bowel Disease -
      Division of Population Health. (2018, March 22)},
  author = {CDC},
  year = {Retrieved January 12, 2021},
  note = {},
  url = {https://www.cdc.gov/ibd/what-is-IBD.htm},
}

@Manual{Loddo,
  title = {Inflammatory Bowel Disease: Genetics, 
    Epigenetics, and Pathogenesis},
  author = {Loddo},
  year = {Retrieved January 12, 2021},
  note = {},
  url = {https://www.ncbi.nlm.nih.gov/pmc/articles/PMC4629465/},
}

@Manual{Machine,
  title = {},
  author = {Machine Learning. (n.d.)},
  year = {Retrieved January 12, 2021},
  note = {},
  url = {https://www.coursera.org/learn/machine-learning},
}

@Manual{Statistical,
  title = {},
  author = {Statistical Society of Canada. (n.d.)},
  year = {Retrieved January 12, 2021},
  note = {},
  url = {https://ssc.ca/en/meeting/annual/2017/case-study-2},
}

@Manual{tree,
  title = {tree: Classification and Regression Trees},
  author = {Brian Ripley},
  year = {2021},
  note = {R package version 1.0-41},
  url = {https://CRAN.R-project.org/package=tree},
}

@Manual{readxl,
  title = {readxl: Read Excel Files},
  author = {Hadley Wickham and Jennifer Bryan},
  year = {2019},
  note = {R package version 1.3.1},
  url = {https://CRAN.R-project.org/package=readxl},
}

@Article{pROC,
  title = {pROC: an open-source package for R and S+ to analyze and compare ROC curves},
  author = {Xavier Robin and Natacha Turck and Alexandre Hainard and Natalia Tiberti and Frédérique Lisacek and Jean-Charles Sanchez and Markus Müller},
  year = {2011},
  journal = {BMC Bioinformatics},
  volume = {12},
  pages = {77},
} 

@Manual{caret,
  title = {caret: Classification and Regression Training},
  author = {Max Kuhn},
  year = {2022},
  note = {R package version 6.0-92},
  url = {https://CRAN.R-project.org/package=caret},
}


@Book{class,
  title = {Modern Applied Statistics with S},
  author = {W. N. Venables and B. D. Ripley},
  publisher = {Springer},
  edition = {Fourth},
  address = {New York},
  year = {2002},
  note = {ISBN 0-387-95457-0},
  url = {https://www.stats.ox.ac.uk/pub/MASS4/},
}


@Manual{epiR,
  title = {epiR: Tools for the Analysis of Epidemiological Data},
  author = {Mark Stevenson and Evan Sergeant with contributions from Telmo Nunes and Cord Heuer and Jonathon Marshall and Javier Sanchez and Ron Thornton and Jeno Reiczigel and Jim Robison-Cox and Paola Sebastiani and Peter Solymos and Kazuki Yoshida and Geoff Jones and Sarah Pirikahu and Simon Firestone and Ryan Kyle and Johann Popp and Mathew Jay and Charles Reynard and Allison Cheung and Nagendra Singanallur and Aniko Szabo and Ahmad Rabiee.},
  year = {2022},
  note = {R package version 2.0.46},
  url = {https://CRAN.R-project.org/package=epiR},
}

@Manual{rpart,
  title = {rpart: Recursive Partitioning and Regression Trees},
  author = {Terry Therneau and Beth Atkinson},
  year = {2019},
  note = {R package version 4.1-15},
  url = {https://CRAN.R-project.org/package=rpart},
}
@Article{glmnet,
  title = {Regularization Paths for Cox's Proportional Hazards Model via Coordinate Descent},
    author = {Noah Simon and Jerome Friedman and Trevor Hastie and Rob Tibshirani},
    journal = {Journal of Statistical Software},
    year = {2011},
    volume = {39},
    number = {5},
    pages = {1--13},
    url = {https://www.jstatsoft.org/v39/i05/},
    doi = {10.18637/jss.v039.i05},
  }